<?xml version="1.0" encoding="UTF-8"?><collection xmlns="http://www.loc.gov/MARC21/slim"><record><leader>00457nam--2200133-i-4500</leader><controlfield tag="001">000024275</controlfield><controlfield tag="002">20161230</controlfield><controlfield tag="005">20161230201035</controlfield><controlfield tag="008">060222s1000------------r-----000-0-eng-d</controlfield><datafield ind1=" " ind2=" " tag="080"><subfield code="a">550.34(73)</subfield></datafield><datafield ind1=" " ind2=" " tag="100"><subfield code="a">Heck, N.H</subfield></datafield><datafield ind1=" " ind2=" " tag="245"><subfield code="a">Earthquake history of the united state part 1-continental united states (exclusive of california and western nevada) and alaska</subfield></datafield><datafield ind1=" " ind2=" " tag="260"><subfield code="a">Washington, U.S.Department Of Commerce, Coast Ands Geodetic Survey, 1938</subfield></datafield><datafield ind1=" " ind2=" " tag="852"><subfield code="a">47692</subfield></datafield></record></collection>